<?xml version="1.0" encoding="UTF-8"?><collection xmlns="http://www.loc.gov/MARC21/slim"><record><leader>00467nam--2200169-u-4500</leader><controlfield tag="001">000056437</controlfield><controlfield tag="002">20161230</controlfield><controlfield tag="005">20161230201052</controlfield><controlfield tag="008">151013s1000------------r-----000-0-eng-d</controlfield><datafield ind1=" " ind2=" " tag="040"><subfield code="a">IFIN-HH</subfield></datafield><datafield ind1=" " ind2=" " tag="080"><subfield code="a">53.01</subfield></datafield><datafield ind1="1" ind2=" " tag="100"><subfield code="a">Owen, George E</subfield></datafield><datafield ind1="1" ind2="0" tag="245"><subfield code="a">The universe of the mind . seminars in the history of ideas</subfield><subfield code="c">George e. owen</subfield></datafield><datafield ind1=" " ind2=" " tag="260"><subfield code="a">Balrimore</subfield><subfield code="b">The Johns Hopkins Press</subfield><subfield code="c">1971</subfield></datafield><datafield ind1=" " ind2=" " tag="300"><subfield code="a">XIV+349P</subfield></datafield><datafield ind1=" " ind2=" " tag="852"><subfield code="a">39269</subfield><subfield code="c">53.01</subfield></datafield><datafield ind1=" " ind2=" " tag="CAT"><subfield code="a">Sys</subfield><subfield code="c">20151013</subfield><subfield code="h">155620</subfield></datafield></record></collection>